<?xml version="1.0" encoding="UTF-8"?><collection xmlns="http://www.loc.gov/MARC21/slim"><record><leader>00510nam--2200193-i-4500</leader><controlfield tag="001">000015074</controlfield><controlfield tag="002">20161230</controlfield><controlfield tag="005">20170222164839</controlfield><controlfield tag="008">060222s1000------------r-----000-0-eng-d</controlfield><datafield ind1=" " ind2=" " tag="040"><subfield code="a">IFIN-HH</subfield></datafield><datafield ind1=" " ind2=" " tag="080"><subfield code="a">802.0(023)</subfield></datafield><datafield ind1="1" ind2=" " tag="100"><subfield code="a">Levitchi, Leon</subfield></datafield><datafield ind1="1" ind2="0" tag="245"><subfield code="a">Invatati limba engleza fara profesor</subfield><subfield code="c">Leon Levitchi, Dan Dutescu</subfield></datafield><datafield ind1=" " ind2=" " tag="250"><subfield code="a">Editia A Iv-a</subfield></datafield><datafield ind1=" " ind2=" " tag="260"><subfield code="a">Bucuresti</subfield><subfield code="b">Editura Stiintifica</subfield><subfield code="c">1964</subfield></datafield><datafield ind1=" " ind2=" " tag="300"><subfield code="a">720 p</subfield></datafield><datafield ind1="1" ind2=" " tag="700"><subfield code="a">Dutescu, Dan</subfield></datafield><datafield ind1=" " ind2=" " tag="852"><subfield code="a">131690</subfield><subfield code="c">4</subfield></datafield><datafield ind1=" " ind2=" " tag="CAT"><subfield code="a">SYS</subfield><subfield code="c">20170222</subfield><subfield code="h">164839</subfield></datafield></record></collection>